@article{yinghuietal2014,
  author  = {Yinghui, Y and Wei, D and Jianhua, L and Mingli, N},
  journal = {International Conference on Mechatronics, Control and Electronic Engineering},
  title   = {Operational Information Requirement Analysis Based on Architecture Modeling},
  year    = {2014},
  url     = {https://typeset.io/pdf/operational-information-requirement-analysis-based-on-1pprcgyiqu.pdf}
}

@article{fultonyvandermolen2017,
  author  = {Fulton, R and Vandermolen, R},
  journal = {Florida: CRC Press},
  title   = {. Airborne Electronic Hardware Design Assurance},
  year    = {2017}
}

@article{prietoychacon2017,
  author  = {Prieto, C and Chacón, D},
  journal = {Universidad Autónoma de Bucaramanga},
  title   = {Desarrollo de un prototipo para la toma de requerimientos TAKER},
  year    = {2017},
  url     = {https://repository.unab.edu.co/bitstream/handle/20.500.12749/20503/2017_Articulo_Chacon_Lopez_Diana_Carolina.pdf?sequence=1&isAllowed=y}
}

@article{maiden2001where,
  title   = {Where Do Requirements Come From?},
  author  = {N. Maiden and Alexis Gizikis},
  journal = {IEEE Softw.},
  year    = {2001},
  volume  = {18},
  pages   = {10-12},
  doi     = {10.1109/52.951486}
}

@article{qbdgroup,
  author = {QbDGroup},
  name   = {QbDGroup},
  title  = {Validación de sistemas informatizados: Requisitos de usuario},
  year   = {2022},
  url    = {https://qbdgroup.com/es-es/blog/validacion-de-sistemas-informatizados-requisitos-de-usuario-urs/#:~:text=%C2%BFQu%C3%A9%20son%20los%20Requisitos%20de,%E2%80%9D%2C%20la%20justificaci%C3%B3n%20del%20sistema}
}

@inbook{bjørner2008,
  author    = {Bj{\o}rner, Dines},
  editor    = {Degano, Pierpaolo
               and De Nicola, Rocco
               and Meseguer, Jos{\'e}},
  title     = {From Domain to Requirements},
  booktitle = {Concurrency, Graphs and Models: Essays Dedicated to Ugo Montanari on the Occasion of His 65th Birthday},
  year      = {2008},
  publisher = {Springer Berlin Heidelberg},
  address   = {Berlin, Heidelberg},
  pages     = {278--300},
  abstract  = {We first present a summary of essentials of domain engineering, its motivation, and its modelling of abstractions of domains through the modelling of the intrinsics, support technologies, management and organisation, rules and regulations, scripts, and human behaviour of whichever domain is being described.},
  isbn      = {978-3-540-68679-8},
  doi       = {10.1007/978-3-540-68679-8_18},
  url       = {https://doi.org/10.1007/978-3-540-68679-8_18}
}

@article{eckhardt2016An,
  title   = {An Approach for Creating Sentence Patterns for Quality Requirements},
  author  = {J. Eckhardt and Andreas Vogelsang and Henning Femmer},
  journal = {2016 IEEE 24th International Requirements Engineering Conference Workshops (REW)},
  year    = {2016},
  pages   = {308-315},
  doi     = {10.1109/REW.2016.057}
}

@article{eckhardt2016challenging,
  title   = {Challenging Incompleteness of Performance Requirements by Sentence Patterns},
  author  = {Eckhardt, J and Vogelsang, A and Femmer, H and Mager, P},
  journal = {2016 IEEE 24th International Requirements Engineering Conference (RE)},
  year    = {2016},
  pages   = {46-55},
  doi     = {10.1109/RE.2016.24}
}

@article{espejel2019,
  author = {Gustabo Espejel},
  journal = {CIATEQ},
  title = {Desarrollo de infraestructura para facilitar el análisis y la verificación de diagramas de actividad identificando los caminos funcionales modelados},
  year = {2019},
  url = {http://ciateq.repositorioinstitucional.mx/jspui/handle/1020/384},
}